<record><leader>00000cas a2200000 a 4500</leader><controlfield tag="001">11671377</controlfield><controlfield tag="008">850208d18791881ksuwr ne      0   a0eng d</controlfield><datafield ind1=" " ind2=" " tag="010"><subfield code="a">sn 85030856 </subfield></datafield><datafield ind1=" " ind2=" " tag="040"><subfield code="a">KSH</subfield><subfield code="b">eng</subfield><subfield code="c">KSH</subfield><subfield code="d">NPT</subfield><subfield code="d">OCL</subfield><subfield code="d">OCLCQ</subfield></datafield><datafield ind1=" " ind2=" " tag="042"><subfield code="a">msc</subfield></datafield><datafield ind1="0" ind2="4" tag="245"><subfield code="a">The Buckner independent.</subfield></datafield><datafield ind1="1" ind2="3" tag="246"><subfield code="a">Jetmore republican</subfield><subfield code="f">Mar. 11-&lt;Dec. 30, 1881&gt;</subfield></datafield><datafield ind1=" " ind2=" " tag="260"><subfield code="a">Buckner, Kan. :</subfield><subfield code="b">[s.n.]</subfield></datafield><datafield ind1=" " ind2=" " tag="300"><subfield code="a">v. ;</subfield><subfield code="c">49 cm.</subfield></datafield><datafield ind1=" " ind2=" " tag="310"><subfield code="a">Weekly</subfield></datafield><datafield ind1="1" ind2=" " tag="362"><subfield code="a">Began in 1879; ceased in 1881?</subfield></datafield><datafield ind1=" " ind2=" " tag="500"><subfield code="a">Published at: Jetmore, Kan., Mar. 11, 1881-</subfield></datafield><datafield ind1=" " ind2=" " tag="500"><subfield code="a">Published by: Haun and Stumbaugh, May 20, 1880-&lt;June 10, 1881&gt;; T.S. Haun, &lt;June 24, 1881&gt;-</subfield></datafield><datafield ind1=" " ind2=" " tag="588"><subfield code="a">Description based on: Vol. 1, no. 3 (Nov. 7, 1879).</subfield></datafield><datafield ind1=" " ind2=" " tag="752"><subfield code="a">United States</subfield><subfield code="b">Kansas</subfield><subfield code="c">Hodgeman</subfield><subfield code="d">Buckner.</subfield></datafield><datafield ind1=" " ind2=" " tag="752"><subfield code="a">United States</subfield><subfield code="b">Kansas</subfield><subfield code="c">Hodgeman</subfield><subfield code="d">Jetmore.</subfield></datafield></record>